<?xml version="1.0" encoding="UTF-8"?><record xmlns="http://www.loc.gov/MARC21/slim" xmlns:cinclude="http://apache.org/cocoon/include/1.0" xmlns:zs="http://www.loc.gov/zing/srw/">
  <leader>00466nz  a2200145n  4500</leader>
  <controlfield tag="001">no2012117250</controlfield>
  <controlfield tag="003">DLC</controlfield>
  <controlfield tag="005">20120901075606.0</controlfield>
  <controlfield tag="008">120830n| acannaabn          |n aaa     c</controlfield>
  <datafield tag="010" ind1=" " ind2=" ">
    <subfield code="a">no2012117250</subfield>
  </datafield>
  <datafield tag="035" ind1=" " ind2=" ">
    <subfield code="a">(OCoLC)oca09290325</subfield>
  </datafield>
  <datafield tag="040" ind1=" " ind2=" ">
    <subfield code="a">UCS</subfield>
    <subfield code="b">eng</subfield>
    <subfield code="c">UCS</subfield>
  </datafield>
  <datafield tag="100" ind1="1" ind2=" ">
    <subfield code="a">Grissom, Irene Welch,</subfield>
    <subfield code="d">1873-</subfield>
  </datafield>
  <datafield tag="670" ind1=" " ind2=" ">
    <subfield code="a">The Passing of the desert, c1924:</subfield>
    <subfield code="b">t.p. (Irene Welch Grissom)</subfield>
  </datafield>
  <datafield tag="670" ind1=" " ind2=" ">
    <subfield code="a">OCLC, Aug. 29, 2012</subfield>
    <subfield code="b">(hdg: Grissom, Irene Welch, 1873-; usage: Irene Welch Grissom)</subfield>
  </datafield>
</record>